<?xml version="1.0" encoding="UTF-8"?>
<OAI-PMH xmlns="http://www.openarchives.org/OAI/2.0/" xmlns:xsi="http://www.w3.org/2001/XMLSchema-instance" xsi:schemaLocation="http://www.openarchives.org/OAI/2.0/ http://www.openarchives.org/OAI/2.0/OAI-PMH.xsd">
<ListRecords>
<record>
<header status="updated">
<identifier>urm_publish:71310018390002121</identifier>
</header>
<metadata>
<record xmlns="http://www.loc.gov/MARC21/slim" xmlns:xsi="http://www.w3.org/2001/XMLSchema-instance" xsi:schemaLocation="http://www.loc.gov/MARC21/slim http://www.loc.gov/standards/marcxml/schema/MARC21slim.xsd" ><leader>00882mcm a22003015  4500</leader><controlfield tag="005">20041028162642.0</controlfield><controlfield tag="008">891229t19681968ne che         n    zxx d</controlfield><controlfield tag="001">999821326102121</controlfield><datafield tag="028" ind1="3" ind2="0"><subfield code="a">660</subfield><subfield code="b">Edition "Ars Nova"</subfield></datafield><datafield tag="035" ind1=" " ind2=" "><subfield code="a">(OCoLC)20834349</subfield></datafield><datafield tag="035" ind1=" " ind2=" "><subfield code="9">AWN0050UW</subfield></datafield><datafield tag="035" ind1=" " ind2=" "><subfield code="a">(WU)3975447-uwmadisondb</subfield></datafield><datafield tag="040" ind1=" " ind2=" "><subfield code="a">EEM</subfield><subfield code="b">eng</subfield><subfield code="c">EEM</subfield><subfield code="d">GZM</subfield></datafield><datafield tag="049" ind1=" " ind2=" "><subfield code="a">GZZ+</subfield></datafield><datafield tag="090" ind1=" " ind2=" "><subfield code="a">M9.L4</subfield><subfield code="b">P3</subfield></datafield><datafield tag="100" ind1="1" ind2=" "><subfield code="a">Lehr, Mangham David,</subfield><subfield code="d">1928-</subfield><subfield code="2">LCNAMES</subfield></datafield><datafield tag="245" ind1="1" ind2="3"><subfield code="a">An organ chorale partita on Veni Emmanuel /</subfield><subfield code="c">Mangham David Lehr.</subfield></datafield><datafield tag="246" ind1="3" ind2="0"><subfield code="a">Veni Emmanuel</subfield></datafield><datafield tag="264" ind1=" " ind2="1"><subfield code="a">Goes, Holland :</subfield><subfield code="b">Edition "Ars Nova",</subfield><subfield code="c">[1968]</subfield></datafield><datafield tag="264" ind1=" " ind2="4"><subfield code="c">[©1968]</subfield></datafield><datafield tag="300" ind1=" " ind2=" "><subfield code="a">1 score (16 pages) ;</subfield><subfield code="c">32 cm</subfield></datafield><datafield tag="336" ind1=" " ind2=" "><subfield code="a">notated music</subfield><subfield code="b">ntm</subfield><subfield code="2">rdacontent</subfield></datafield><datafield tag="337" ind1=" " ind2=" "><subfield code="a">unmediated</subfield><subfield code="b">n</subfield><subfield code="2">rdamedia</subfield></datafield><datafield tag="338" ind1=" " ind2=" "><subfield code="a">volume</subfield><subfield code="b">nc</subfield><subfield code="2">rdacarrier</subfield></datafield><datafield tag="500" ind1=" " ind2=" "><subfield code="a">Cover title.</subfield></datafield><datafield tag="650" ind1=" " ind2="0"><subfield code="a">Organ music.</subfield><subfield code="2">LCSH</subfield><subfield code="0">41-LIBRARY_OF_CONGRESS-sh 85095468</subfield><subfield code="9">Y</subfield></datafield><datafield tag="650" ind1=" " ind2="0"><subfield code="a">Christmas music.</subfield><subfield code="2">LCSH</subfield><subfield code="0">41-LIBRARY_OF_CONGRESS-sh 85025312</subfield><subfield code="9">Y</subfield></datafield><datafield tag="997" ind1=" " ind2=" "><subfield code="a">MARCIVE</subfield></datafield><datafield tag="650" ind1=" " ind2="0"><subfield code="a">Christmas</subfield><subfield code="v">Songs and music</subfield><subfield code="2">LCSH</subfield><subfield code="0">41-LIBRARY_OF_CONGRESS-sh 85025312</subfield><subfield code="9">N</subfield></datafield><datafield tag="650" ind1=" " ind2="0"><subfield code="a">Christmas songs</subfield><subfield code="2">LCSH</subfield><subfield code="0">41-LIBRARY_OF_CONGRESS-sh 85025312</subfield><subfield code="9">N</subfield></datafield><datafield tag="650" ind1=" " ind2="0"><subfield code="w">g</subfield><subfield code="a">Music</subfield><subfield code="2">LCSH</subfield><subfield code="0">41-LIBRARY_OF_CONGRESS-sh 85025312</subfield><subfield code="9">R</subfield></datafield><datafield tag="650" ind1=" " ind2="0"><subfield code="w">g</subfield><subfield code="a">Sacred music</subfield><subfield code="2">LCSH</subfield><subfield code="0">41-LIBRARY_OF_CONGRESS-sh 85025312</subfield><subfield code="9">R</subfield></datafield><datafield tag="INST" ind1=" " ind2=" "><subfield code="a">01UWI_NETWORK</subfield><subfield code="b">P</subfield><subfield code="c">71310018390002121</subfield></datafield><datafield tag="INST" ind1=" " ind2=" "><subfield code="a">01UWI_MAD</subfield><subfield code="b">P</subfield><subfield code="c">21619837280002122</subfield></datafield><datafield tag="AVA" ind1=" " ind2=" "><subfield code="0">9939754473602122</subfield><subfield code="8">22619837250002122</subfield><subfield code="a">01UWI_MAD</subfield><subfield code="b">MUSIC</subfield><subfield code="c">Stacks</subfield><subfield code="d">M9 L4 P3</subfield><subfield code="e">available</subfield><subfield code="f">1</subfield><subfield code="g">0</subfield><subfield code="j">stk</subfield><subfield code="k">0</subfield><subfield code="p">1</subfield><subfield code="q">Music Library (Mills)</subfield></datafield><datafield tag="AVA" ind1=" " ind2=" "><subfield code="0">9939754473602122</subfield><subfield code="8">22619837270002122</subfield><subfield code="a">01UWI_MAD</subfield><subfield code="b">MUSIC</subfield><subfield code="c">Stacks</subfield><subfield code="d">M9 L4 P3</subfield><subfield code="e">available</subfield><subfield code="f">1</subfield><subfield code="g">0</subfield><subfield code="j">stk</subfield><subfield code="k">0</subfield><subfield code="p">2</subfield><subfield code="q">Music Library (Mills)</subfield></datafield><datafield tag="MMS" ind1=" " ind2=" "><subfield code="b">999821326102121</subfield><subfield code="a">01UWI_NETWORK</subfield></datafield><datafield tag="MMS" ind1=" " ind2=" "><subfield code="b">9939754473602122</subfield><subfield code="a">01UWI_MAD</subfield></datafield><datafield tag="AAA" ind1="0" ind2="1"><subfield code="z">Autographed by the composer</subfield><subfield code="8">22619837250002122</subfield><subfield code="A">01UWI_MAD</subfield></datafield><datafield tag="BBB" ind1="0" ind2="1"><subfield code="x">gift</subfield><subfield code="8">22619837250002122</subfield><subfield code="A">01UWI_MAD</subfield></datafield></record>
</metadata>
</record>
</ListRecords>
</OAI-PMH>